%YAML 1.1
%TAG !u! tag:unity3d.com,2011:
--- !u!1 &2736731188057498678
GameObject:
  m_ObjectHideFlags: 0
  m_CorrespondingSourceObject: {fileID: 0}
  m_PrefabInstance: {fileID: 0}
  m_PrefabAsset: {fileID: 0}
  serializedVersion: 6
  m_Component:
  - component: {fileID: 2736731188057498680}
  - component: {fileID: 2736731188057498679}
  - component: {fileID: 2736731188057498685}
  - component: {fileID: 2736731188057498684}
  - component: {fileID: 2736731188057498683}
  - component: {fileID: 2736731188057498682}
  - component: {fileID: 6870484428966945420}
  m_Layer: 0
  m_Name: SoundEffectAudioSource
  m_TagString: Untagged
  m_Icon: {fileID: 0}
  m_NavMeshLayer: 0
  m_StaticEditorFlags: 0
  m_IsActive: 1
--- !u!4 &2736731188057498680
Transform:
  m_ObjectHideFlags: 0
  m_CorrespondingSourceObject: {fileID: 0}
  m_PrefabInstance: {fileID: 0}
  m_PrefabAsset: {fileID: 0}
  m_GameObject: {fileID: 2736731188057498678}
  m_LocalRotation: {x: -0, y: -0, z: -0, w: 1}
  m_LocalPosition: {x: 0, y: 0, z: 0}
  m_LocalScale: {x: 1, y: 1, z: 1}
  m_Children: []
  m_Father: {fileID: 2736731188200776297}
  m_RootOrder: 0
  m_LocalEulerAnglesHint: {x: 0, y: 0, z: 0}
--- !u!82 &2736731188057498679
AudioSource:
  m_ObjectHideFlags: 0
  m_CorrespondingSourceObject: {fileID: 0}
  m_PrefabInstance: {fileID: 0}
  m_PrefabAsset: {fileID: 0}
  m_GameObject: {fileID: 2736731188057498678}
  m_Enabled: 1
  serializedVersion: 4
  OutputAudioMixerGroup: {fileID: 0}
  m_audioClip: {fileID: 0}
  m_PlayOnAwake: 0
  m_Volume: 1
  m_Pitch: 1
  Loop: 0
  Mute: 0
  Spatialize: 0
  SpatializePostEffects: 0
  Priority: 128
  DopplerLevel: 1
  MinDistance: 1
  MaxDistance: 500
  Pan2D: 0
  rolloffMode: 0
  BypassEffects: 0
  BypassListenerEffects: 0
  BypassReverbZones: 0
  rolloffCustomCurve:
    serializedVersion: 2
    m_Curve:
    - serializedVersion: 3
      time: 0
      value: 1
      inSlope: 0
      outSlope: 0
      tangentMode: 0
      weightedMode: 0
      inWeight: 0.33333334
      outWeight: 0.33333334
    - serializedVersion: 3
      time: 1
      value: 0
      inSlope: 0
      outSlope: 0
      tangentMode: 0
      weightedMode: 0
      inWeight: 0.33333334
      outWeight: 0.33333334
    m_PreInfinity: 2
    m_PostInfinity: 2
    m_RotationOrder: 4
  panLevelCustomCurve:
    serializedVersion: 2
    m_Curve:
    - serializedVersion: 3
      time: 0
      value: 0
      inSlope: 0
      outSlope: 0
      tangentMode: 0
      weightedMode: 0
      inWeight: 0.33333334
      outWeight: 0.33333334
    m_PreInfinity: 2
    m_PostInfinity: 2
    m_RotationOrder: 4
  spreadCustomCurve:
    serializedVersion: 2
    m_Curve:
    - serializedVersion: 3
      time: 0
      value: 0
      inSlope: 0
      outSlope: 0
      tangentMode: 0
      weightedMode: 0
      inWeight: 0.33333334
      outWeight: 0.33333334
    m_PreInfinity: 2
    m_PostInfinity: 2
    m_RotationOrder: 4
  reverbZoneMixCustomCurve:
    serializedVersion: 2
    m_Curve:
    - serializedVersion: 3
      time: 0
      value: 1
      inSlope: 0
      outSlope: 0
      tangentMode: 0
      weightedMode: 0
      inWeight: 0.33333334
      outWeight: 0.33333334
    m_PreInfinity: 2
    m_PostInfinity: 2
    m_RotationOrder: 4
--- !u!114 &2736731188057498685
MonoBehaviour:
  m_ObjectHideFlags: 0
  m_CorrespondingSourceObject: {fileID: 0}
  m_PrefabInstance: {fileID: 0}
  m_PrefabAsset: {fileID: 0}
  m_GameObject: {fileID: 2736731188057498678}
  m_Enabled: 1
  m_EditorHideFlags: 0
  m_Script: {fileID: 11500000, guid: 02f3397e964e1f7429e8124a1599e4be, type: 3}
  m_Name: 
  m_EditorClassIdentifier: 
  gameEvent: {fileID: 11400000, guid: baaf3a46ed91b234389060199a117bdb, type: 2}
  response:
    m_PersistentCalls:
      m_Calls:
      - m_Target: {fileID: 2736731188200776296}
        m_MethodName: PlaySoundEffect
        m_Mode: 2
        m_Arguments:
          m_ObjectArgument: {fileID: 8300000, guid: 5785a9571acd1d746a96305d4794912a,
            type: 3}
          m_ObjectArgumentAssemblyTypeName: UnityEngine.AudioClip, UnityEngine
          m_IntArgument: 0
          m_FloatArgument: 0
          m_StringArgument: 
          m_BoolArgument: 0
        m_CallState: 2
--- !u!114 &2736731188057498684
MonoBehaviour:
  m_ObjectHideFlags: 0
  m_CorrespondingSourceObject: {fileID: 0}
  m_PrefabInstance: {fileID: 0}
  m_PrefabAsset: {fileID: 0}
  m_GameObject: {fileID: 2736731188057498678}
  m_Enabled: 1
  m_EditorHideFlags: 0
  m_Script: {fileID: 11500000, guid: 02f3397e964e1f7429e8124a1599e4be, type: 3}
  m_Name: 
  m_EditorClassIdentifier: 
  gameEvent: {fileID: 11400000, guid: 195f1fe01510ec543bc05ade6ab604d4, type: 2}
  response:
    m_PersistentCalls:
      m_Calls:
      - m_Target: {fileID: 2736731188200776296}
        m_MethodName: PlaySoundEffect
        m_Mode: 2
        m_Arguments:
          m_ObjectArgument: {fileID: 8300000, guid: d72d2bff59d62824cb4c6aab6e659d70,
            type: 3}
          m_ObjectArgumentAssemblyTypeName: UnityEngine.AudioClip, UnityEngine
          m_IntArgument: 0
          m_FloatArgument: 0
          m_StringArgument: 
          m_BoolArgument: 0
        m_CallState: 2
--- !u!114 &2736731188057498683
MonoBehaviour:
  m_ObjectHideFlags: 0
  m_CorrespondingSourceObject: {fileID: 0}
  m_PrefabInstance: {fileID: 0}
  m_PrefabAsset: {fileID: 0}
  m_GameObject: {fileID: 2736731188057498678}
  m_Enabled: 1
  m_EditorHideFlags: 0
  m_Script: {fileID: 11500000, guid: 02f3397e964e1f7429e8124a1599e4be, type: 3}
  m_Name: 
  m_EditorClassIdentifier: 
  gameEvent: {fileID: 11400000, guid: 7f1a251a12c6ff741a6dc5dbadf4aa2f, type: 2}
  response:
    m_PersistentCalls:
      m_Calls:
      - m_Target: {fileID: 2736731188200776296}
        m_MethodName: PlaySoundEffect
        m_Mode: 2
        m_Arguments:
          m_ObjectArgument: {fileID: 8300000, guid: e2b2fdac5eecd2841bca952b52bea0df,
            type: 3}
          m_ObjectArgumentAssemblyTypeName: UnityEngine.AudioClip, UnityEngine
          m_IntArgument: 0
          m_FloatArgument: 0
          m_StringArgument: 
          m_BoolArgument: 0
        m_CallState: 2
--- !u!114 &2736731188057498682
MonoBehaviour:
  m_ObjectHideFlags: 0
  m_CorrespondingSourceObject: {fileID: 0}
  m_PrefabInstance: {fileID: 0}
  m_PrefabAsset: {fileID: 0}
  m_GameObject: {fileID: 2736731188057498678}
  m_Enabled: 1
  m_EditorHideFlags: 0
  m_Script: {fileID: 11500000, guid: 02f3397e964e1f7429e8124a1599e4be, type: 3}
  m_Name: 
  m_EditorClassIdentifier: 
  gameEvent: {fileID: 11400000, guid: a9810e8641741a74ca3857b19510e961, type: 2}
  response:
    m_PersistentCalls:
      m_Calls:
      - m_Target: {fileID: 2736731188200776296}
        m_MethodName: PlaySoundEffect
        m_Mode: 2
        m_Arguments:
          m_ObjectArgument: {fileID: 8300000, guid: 82ecdad9291dea748b24f7e44f4f4ea0,
            type: 3}
          m_ObjectArgumentAssemblyTypeName: UnityEngine.AudioClip, UnityEngine
          m_IntArgument: 0
          m_FloatArgument: 0
          m_StringArgument: 
          m_BoolArgument: 0
        m_CallState: 2
--- !u!114 &6870484428966945420
MonoBehaviour:
  m_ObjectHideFlags: 0
  m_CorrespondingSourceObject: {fileID: 0}
  m_PrefabInstance: {fileID: 0}
  m_PrefabAsset: {fileID: 0}
  m_GameObject: {fileID: 2736731188057498678}
  m_Enabled: 1
  m_EditorHideFlags: 0
  m_Script: {fileID: 11500000, guid: 02f3397e964e1f7429e8124a1599e4be, type: 3}
  m_Name: 
  m_EditorClassIdentifier: 
  gameEvent: {fileID: 11400000, guid: f9eea5ae4d9abcb4fa8f9a901b11980a, type: 2}
  response:
    m_PersistentCalls:
      m_Calls:
      - m_Target: {fileID: 2736731188200776296}
        m_MethodName: PlaySoundEffect
        m_Mode: 2
        m_Arguments:
          m_ObjectArgument: {fileID: 8300000, guid: 31408d46221a0e74993da8f0e1a0a940,
            type: 3}
          m_ObjectArgumentAssemblyTypeName: UnityEngine.AudioClip, UnityEngine
          m_IntArgument: 0
          m_FloatArgument: 0
          m_StringArgument: 
          m_BoolArgument: 0
        m_CallState: 2
--- !u!1 &2736731188200776295
GameObject:
  m_ObjectHideFlags: 0
  m_CorrespondingSourceObject: {fileID: 0}
  m_PrefabInstance: {fileID: 0}
  m_PrefabAsset: {fileID: 0}
  serializedVersion: 6
  m_Component:
  - component: {fileID: 2736731188200776297}
  - component: {fileID: 2736731188200776296}
  m_Layer: 0
  m_Name: AudioManager
  m_TagString: Untagged
  m_Icon: {fileID: 0}
  m_NavMeshLayer: 0
  m_StaticEditorFlags: 0
  m_IsActive: 1
--- !u!4 &2736731188200776297
Transform:
  m_ObjectHideFlags: 0
  m_CorrespondingSourceObject: {fileID: 0}
  m_PrefabInstance: {fileID: 0}
  m_PrefabAsset: {fileID: 0}
  m_GameObject: {fileID: 2736731188200776295}
  m_LocalRotation: {x: 0, y: 0, z: 0, w: 1}
  m_LocalPosition: {x: 0, y: 0, z: 0}
  m_LocalScale: {x: 1, y: 1, z: 1}
  m_Children:
  - {fileID: 2736731188057498680}
  - {fileID: 2736731189720222349}
  m_Father: {fileID: 0}
  m_RootOrder: 0
  m_LocalEulerAnglesHint: {x: 0, y: 0, z: 0}
--- !u!114 &2736731188200776296
MonoBehaviour:
  m_ObjectHideFlags: 0
  m_CorrespondingSourceObject: {fileID: 0}
  m_PrefabInstance: {fileID: 0}
  m_PrefabAsset: {fileID: 0}
  m_GameObject: {fileID: 2736731188200776295}
  m_Enabled: 1
  m_EditorHideFlags: 0
  m_Script: {fileID: 11500000, guid: 31c480b224a339f4993d233952f5a68c, type: 3}
  m_Name: 
  m_EditorClassIdentifier: 
  mainSource: {fileID: 2736731189720222348}
  effectSource: {fileID: 2736731188057498679}
  fadingTime: 1
  endingClip: {fileID: 8300000, guid: 639f3c733b44c074487565f684b05194, type: 3}
--- !u!1 &2736731189720222347
GameObject:
  m_ObjectHideFlags: 0
  m_CorrespondingSourceObject: {fileID: 0}
  m_PrefabInstance: {fileID: 0}
  m_PrefabAsset: {fileID: 0}
  serializedVersion: 6
  m_Component:
  - component: {fileID: 2736731189720222349}
  - component: {fileID: 2736731189720222348}
  - component: {fileID: 2736731189720222355}
  - component: {fileID: 2736731189720222354}
  - component: {fileID: 2736731189720222353}
  - component: {fileID: 2736731189720222352}
  - component: {fileID: 2736731189720222351}
  - component: {fileID: 2736731189720222350}
  m_Layer: 0
  m_Name: MainAudioSource
  m_TagString: Untagged
  m_Icon: {fileID: 0}
  m_NavMeshLayer: 0
  m_StaticEditorFlags: 0
  m_IsActive: 1
--- !u!4 &2736731189720222349
Transform:
  m_ObjectHideFlags: 0
  m_CorrespondingSourceObject: {fileID: 0}
  m_PrefabInstance: {fileID: 0}
  m_PrefabAsset: {fileID: 0}
  m_GameObject: {fileID: 2736731189720222347}
  m_LocalRotation: {x: -0, y: -0, z: -0, w: 1}
  m_LocalPosition: {x: 0, y: 0, z: 0}
  m_LocalScale: {x: 1, y: 1, z: 1}
  m_Children: []
  m_Father: {fileID: 2736731188200776297}
  m_RootOrder: 1
  m_LocalEulerAnglesHint: {x: 0, y: 0, z: 0}
--- !u!82 &2736731189720222348
AudioSource:
  m_ObjectHideFlags: 0
  m_CorrespondingSourceObject: {fileID: 0}
  m_PrefabInstance: {fileID: 0}
  m_PrefabAsset: {fileID: 0}
  m_GameObject: {fileID: 2736731189720222347}
  m_Enabled: 1
  serializedVersion: 4
  OutputAudioMixerGroup: {fileID: 0}
  m_audioClip: {fileID: 8300000, guid: 75474fb0264db234982e5cc1fc61f6b0, type: 3}
  m_PlayOnAwake: 1
  m_Volume: 1
  m_Pitch: 1
  Loop: 1
  Mute: 0
  Spatialize: 0
  SpatializePostEffects: 0
  Priority: 128
  DopplerLevel: 1
  MinDistance: 1
  MaxDistance: 500
  Pan2D: 0
  rolloffMode: 0
  BypassEffects: 0
  BypassListenerEffects: 0
  BypassReverbZones: 0
  rolloffCustomCurve:
    serializedVersion: 2
    m_Curve:
    - serializedVersion: 3
      time: 0
      value: 1
      inSlope: 0
      outSlope: 0
      tangentMode: 0
      weightedMode: 0
      inWeight: 0.33333334
      outWeight: 0.33333334
    - serializedVersion: 3
      time: 1
      value: 0
      inSlope: 0
      outSlope: 0
      tangentMode: 0
      weightedMode: 0
      inWeight: 0.33333334
      outWeight: 0.33333334
    m_PreInfinity: 2
    m_PostInfinity: 2
    m_RotationOrder: 4
  panLevelCustomCurve:
    serializedVersion: 2
    m_Curve:
    - serializedVersion: 3
      time: 0
      value: 0
      inSlope: 0
      outSlope: 0
      tangentMode: 0
      weightedMode: 0
      inWeight: 0.33333334
      outWeight: 0.33333334
    m_PreInfinity: 2
    m_PostInfinity: 2
    m_RotationOrder: 4
  spreadCustomCurve:
    serializedVersion: 2
    m_Curve:
    - serializedVersion: 3
      time: 0
      value: 0
      inSlope: 0
      outSlope: 0
      tangentMode: 0
      weightedMode: 0
      inWeight: 0.33333334
      outWeight: 0.33333334
    m_PreInfinity: 2
    m_PostInfinity: 2
    m_RotationOrder: 4
  reverbZoneMixCustomCurve:
    serializedVersion: 2
    m_Curve:
    - serializedVersion: 3
      time: 0
      value: 1
      inSlope: 0
      outSlope: 0
      tangentMode: 0
      weightedMode: 0
      inWeight: 0.33333334
      outWeight: 0.33333334
    m_PreInfinity: 2
    m_PostInfinity: 2
    m_RotationOrder: 4
--- !u!114 &2736731189720222355
MonoBehaviour:
  m_ObjectHideFlags: 0
  m_CorrespondingSourceObject: {fileID: 0}
  m_PrefabInstance: {fileID: 0}
  m_PrefabAsset: {fileID: 0}
  m_GameObject: {fileID: 2736731189720222347}
  m_Enabled: 1
  m_EditorHideFlags: 0
  m_Script: {fileID: 11500000, guid: 02f3397e964e1f7429e8124a1599e4be, type: 3}
  m_Name: 
  m_EditorClassIdentifier: 
  gameEvent: {fileID: 11400000, guid: 6f17b1a524a49674e993a90880301204, type: 2}
  response:
    m_PersistentCalls:
      m_Calls:
      - m_Target: {fileID: 2736731188200776296}
        m_MethodName: PlayAmbienceEffect
        m_Mode: 2
        m_Arguments:
          m_ObjectArgument: {fileID: 8300000, guid: 75474fb0264db234982e5cc1fc61f6b0,
            type: 3}
          m_ObjectArgumentAssemblyTypeName: UnityEngine.AudioClip, UnityEngine
          m_IntArgument: 0
          m_FloatArgument: 0
          m_StringArgument: 
          m_BoolArgument: 0
        m_CallState: 2
--- !u!114 &2736731189720222354
MonoBehaviour:
  m_ObjectHideFlags: 0
  m_CorrespondingSourceObject: {fileID: 0}
  m_PrefabInstance: {fileID: 0}
  m_PrefabAsset: {fileID: 0}
  m_GameObject: {fileID: 2736731189720222347}
  m_Enabled: 1
  m_EditorHideFlags: 0
  m_Script: {fileID: 11500000, guid: 02f3397e964e1f7429e8124a1599e4be, type: 3}
  m_Name: 
  m_EditorClassIdentifier: 
  gameEvent: {fileID: 11400000, guid: fea49fc603a3f444e8bdc3f58f4fb492, type: 2}
  response:
    m_PersistentCalls:
      m_Calls:
      - m_Target: {fileID: 2736731188200776296}
        m_MethodName: PlayAmbienceEffect
        m_Mode: 2
        m_Arguments:
          m_ObjectArgument: {fileID: 8300000, guid: 22318963c01680746b8c541c506ca166,
            type: 3}
          m_ObjectArgumentAssemblyTypeName: UnityEngine.AudioClip, UnityEngine
          m_IntArgument: 0
          m_FloatArgument: 0
          m_StringArgument: 
          m_BoolArgument: 0
        m_CallState: 2
--- !u!114 &2736731189720222353
MonoBehaviour:
  m_ObjectHideFlags: 0
  m_CorrespondingSourceObject: {fileID: 0}
  m_PrefabInstance: {fileID: 0}
  m_PrefabAsset: {fileID: 0}
  m_GameObject: {fileID: 2736731189720222347}
  m_Enabled: 1
  m_EditorHideFlags: 0
  m_Script: {fileID: 11500000, guid: 02f3397e964e1f7429e8124a1599e4be, type: 3}
  m_Name: 
  m_EditorClassIdentifier: 
  gameEvent: {fileID: 11400000, guid: 43d0957b905fd9f47a4ad645ea03abd2, type: 2}
  response:
    m_PersistentCalls:
      m_Calls:
      - m_Target: {fileID: 2736731188200776296}
        m_MethodName: PlayAmbienceEffect
        m_Mode: 2
        m_Arguments:
          m_ObjectArgument: {fileID: 8300000, guid: 0688774f504704b46b8184786c13f8a0,
            type: 3}
          m_ObjectArgumentAssemblyTypeName: UnityEngine.AudioClip, UnityEngine
          m_IntArgument: 0
          m_FloatArgument: 0
          m_StringArgument: 
          m_BoolArgument: 0
        m_CallState: 2
--- !u!114 &2736731189720222352
MonoBehaviour:
  m_ObjectHideFlags: 0
  m_CorrespondingSourceObject: {fileID: 0}
  m_PrefabInstance: {fileID: 0}
  m_PrefabAsset: {fileID: 0}
  m_GameObject: {fileID: 2736731189720222347}
  m_Enabled: 1
  m_EditorHideFlags: 0
  m_Script: {fileID: 11500000, guid: 02f3397e964e1f7429e8124a1599e4be, type: 3}
  m_Name: 
  m_EditorClassIdentifier: 
  gameEvent: {fileID: 11400000, guid: f6af1a8c7d493e24da283c44dfefe402, type: 2}
  response:
    m_PersistentCalls:
      m_Calls:
      - m_Target: {fileID: 2736731188200776296}
        m_MethodName: PlayAmbienceEffect
        m_Mode: 2
        m_Arguments:
          m_ObjectArgument: {fileID: 8300000, guid: 77f77422e49ead14eb8b2aa973d94158,
            type: 3}
          m_ObjectArgumentAssemblyTypeName: UnityEngine.AudioClip, UnityEngine
          m_IntArgument: 0
          m_FloatArgument: 0
          m_StringArgument: 
          m_BoolArgument: 0
        m_CallState: 2
--- !u!114 &2736731189720222351
MonoBehaviour:
  m_ObjectHideFlags: 0
  m_CorrespondingSourceObject: {fileID: 0}
  m_PrefabInstance: {fileID: 0}
  m_PrefabAsset: {fileID: 0}
  m_GameObject: {fileID: 2736731189720222347}
  m_Enabled: 1
  m_EditorHideFlags: 0
  m_Script: {fileID: 11500000, guid: 02f3397e964e1f7429e8124a1599e4be, type: 3}
  m_Name: 
  m_EditorClassIdentifier: 
  gameEvent: {fileID: 11400000, guid: 69373de767500af48b82bff7c610795e, type: 2}
  response:
    m_PersistentCalls:
      m_Calls:
      - m_Target: {fileID: 2736731188200776296}
        m_MethodName: PlayAmbienceEffect
        m_Mode: 2
        m_Arguments:
          m_ObjectArgument: {fileID: 8300000, guid: 145a973b002f4c24c8559f454b05b957,
            type: 3}
          m_ObjectArgumentAssemblyTypeName: UnityEngine.AudioClip, UnityEngine
          m_IntArgument: 0
          m_FloatArgument: 0
          m_StringArgument: 
          m_BoolArgument: 0
        m_CallState: 2
--- !u!114 &2736731189720222350
MonoBehaviour:
  m_ObjectHideFlags: 0
  m_CorrespondingSourceObject: {fileID: 0}
  m_PrefabInstance: {fileID: 0}
  m_PrefabAsset: {fileID: 0}
  m_GameObject: {fileID: 2736731189720222347}
  m_Enabled: 1
  m_EditorHideFlags: 0
  m_Script: {fileID: 11500000, guid: 02f3397e964e1f7429e8124a1599e4be, type: 3}
  m_Name: 
  m_EditorClassIdentifier: 
  gameEvent: {fileID: 11400000, guid: 1d582b5ac3d5b0e429f94af1701441ac, type: 2}
  response:
    m_PersistentCalls:
      m_Calls:
      - m_Target: {fileID: 2736731188200776296}
        m_MethodName: PlayAmbienceEffect
        m_Mode: 2
        m_Arguments:
          m_ObjectArgument: {fileID: 8300000, guid: 639f3c733b44c074487565f684b05194,
            type: 3}
          m_ObjectArgumentAssemblyTypeName: UnityEngine.AudioClip, UnityEngine
          m_IntArgument: 0
          m_FloatArgument: 0
          m_StringArgument: 
          m_BoolArgument: 0
        m_CallState: 2
